<?xml version="1.0" encoding="UTF-8"?><collection xmlns="http://www.loc.gov/MARC21/slim"><record><leader>00378nam--2200133-i-4500</leader><controlfield tag="001">000019976</controlfield><controlfield tag="002">20161230</controlfield><controlfield tag="005">20161230201033</controlfield><controlfield tag="008">060222s1000------------r-----000-0-eng-d</controlfield><datafield ind1=" " ind2=" " tag="080"><subfield code="a">543.422.6:543.43(045)</subfield></datafield><datafield ind1=" " ind2=" " tag="100"><subfield code="a">Foster, P., Morris, A.W</subfield></datafield><datafield ind1=" " ind2=" " tag="245"><subfield code="a">Ultra-violet absorption characteristics of natural waters</subfield></datafield><datafield ind1=" " ind2=" " tag="260"><subfield code="a">Oxford, Pergamon Press, 1973. /137-142</subfield></datafield><datafield ind1=" " ind2=" " tag="852"><subfield code="a">49813</subfield></datafield></record></collection>